%! Author = havard
%! Date = 22/03/2023

@article{lol,
    author = {HÃ¥vard Nordlie Mathisen},
    title = {A title that I like},
    journal = {Some journaly where it was publised},
    year = {2023},
}
